<record><leader>00000cas a22000007a 4500</leader><controlfield tag="001">11470435</controlfield><controlfield tag="008">841208d18711878ctuwr ne      0    0eng d</controlfield><datafield ind1=" " ind2=" " tag="010"><subfield code="a">sn 84027711 </subfield></datafield><datafield ind1=" " ind2=" " tag="040"><subfield code="a">NPU</subfield><subfield code="b">eng</subfield><subfield code="c">NPU</subfield><subfield code="d">CNW</subfield><subfield code="d">OCLCQ</subfield></datafield><datafield ind1=" " ind2=" " tag="042"><subfield code="a">msc</subfield></datafield><datafield ind1="0" ind2=" " tag="130"><subfield code="a">Bristol press (Bristol, Conn. : 1871)</subfield></datafield><datafield ind1="1" ind2="4" tag="245"><subfield code="a">The Bristol press.</subfield></datafield><datafield ind1=" " ind2=" " tag="260"><subfield code="a">Bristol, Conn. :</subfield><subfield code="b">C.H. Riggs</subfield></datafield><datafield ind1=" " ind2=" " tag="300"><subfield code="a">v. ;</subfield><subfield code="c">62 cm.</subfield></datafield><datafield ind1=" " ind2=" " tag="310"><subfield code="a">Weekly</subfield></datafield><datafield ind1="0" ind2=" " tag="362"><subfield code="a">Vol. 1, no. 1 (Mar. 9, 1871)-v. 8, no. 2 (Jan. 10, 1878).</subfield></datafield><datafield ind1=" " ind2=" " tag="530"><subfield code="a">Available on microfilm from UMI.</subfield></datafield><datafield ind1=" " ind2="4" tag="651"><subfield code="a">Bristol (Conn.)</subfield><subfield code="v">Newspapers.</subfield></datafield><datafield ind1=" " ind2=" " tag="752"><subfield code="a">United States</subfield><subfield code="b">Connecticut</subfield><subfield code="c">Hartford</subfield><subfield code="d">Bristol.</subfield></datafield><datafield ind1="0" ind2=" " tag="775"><subfield code="t">Plainville news (Plainville, Conn. : 1874)</subfield><subfield code="w">(DLC)sn 92051106</subfield><subfield code="w">(OCoLC)25063306</subfield></datafield><datafield ind1="0" ind2="0" tag="785"><subfield code="t">Bristol weekly press</subfield><subfield code="w">(DLC)sn 92051105</subfield><subfield code="w">(OCoLC)25061432</subfield></datafield><datafield ind1="1" ind2=" " tag="029"><subfield code="a">AU@</subfield><subfield code="b">000020634192</subfield></datafield></record>